<record><leader>00000cas a22000007a 4500</leader><controlfield tag="001">17559319</controlfield><controlfield tag="008">880301d18981918ohuwr ne      0    0eng d</controlfield><datafield ind1=" " ind2=" " tag="010"><subfield code="a">sn 88077281 </subfield></datafield><datafield ind1=" " ind2=" " tag="040"><subfield code="a">ONP</subfield><subfield code="b">eng</subfield><subfield code="c">ONP</subfield><subfield code="d">OCLCQ</subfield></datafield><datafield ind1=" " ind2=" " tag="042"><subfield code="a">msc</subfield></datafield><datafield ind1="0" ind2=" " tag="130"><subfield code="a">Eaton herald (Eaton, Ohio)</subfield></datafield><datafield ind1="1" ind2="4" tag="245"><subfield code="a">The Eaton herald.</subfield></datafield><datafield ind1=" " ind2=" " tag="260"><subfield code="a">Eaton, Ohio :</subfield><subfield code="b">C.B. Unger,</subfield><subfield code="c">-1918.</subfield></datafield><datafield ind1=" " ind2=" " tag="310"><subfield code="a">Weekly</subfield></datafield><datafield ind1="1" ind2=" " tag="362"><subfield code="a">Began in 1898.</subfield></datafield><datafield ind1="0" ind2=" " tag="362"><subfield code="a">-v. 19, no. 47 (Feb. 27, 1918).</subfield></datafield><datafield ind1=" " ind2=" " tag="588"><subfield code="a">Description based on: Vol. 3, no. 1 (Apr. 26, 1900).</subfield></datafield><datafield ind1=" " ind2=" " tag="752"><subfield code="a">United States</subfield><subfield code="b">Ohio</subfield><subfield code="c">Preble</subfield><subfield code="d">Eaton.</subfield></datafield><datafield ind1="0" ind2="7" tag="785"><subfield code="t">Eaton register (Eaton, Ohio : 1891)</subfield><subfield code="w">(DLC)sn 88077280</subfield></datafield><datafield ind1="0" ind2="7" tag="785"><subfield code="t">Register-herald (Eaton, Ohio)</subfield><subfield code="w">(DLC)sn 84028568</subfield></datafield></record>